%% report.bib - contains BiBtex input for bibliography

@ARTICLE{2016arXiv160401418D,
   author = "Dav\'e, R. and Thompson, R.~J. and Hopkins, P.~F.",
    title = {{MUFASA: Galaxy Formation Simulations With Meshless Hydrodynamics}},
  journal = "ArXiv e-prints",
   eprint = {1604.01418},
     year = 2016,
    month = apr,
}

@ARTICLE{2014MNRAS.444.3183A,
   author = "Alonso, D. and Ferreira, P.~G. and Santos, M.~G.",
    title = {{Fast simulations for intensity mapping experiments}},
  journal = "MNRAS",
     year = 2014,
    month = nov,
   volume = 444
}

@INPROCEEDINGS{2014SPIE.9153E..1PB,
   author = "Benson, B.~A. and others",
    title = {{SPT-3G: a next-generation cosmic microwave background polarization experiment on the South Pole telescope}},
booktitle = Millimeter, Submillimeter, and Far-Infrared Detectors and Instrumentation for Astronomy VII,
     year = 2014,
   journal = "SPIE",
   volume = 9153
}

@ARTICLE{2016JLTP..tmp..144H,
   author = "Henderson, S.~W. and others",
   title = {{Advanced ACTPol Cryogenic Detector Arrays and Readout}},
  journal = "Journal of Low Temperature Physics",
     year = 2016,
    month = mar,
  }


@ARTICLE{2013AJ....145...10D,
   author = "Dawson, K.~S. and others,
       title = {{The Baryon Oscillation Spectroscopic Survey of \cite{2016PhRvD..93j3504Z}-III}},
  journal = "ApJ",
     year = 2013,
    month = jan,
   volume = 145,
  }

@INPROCEEDINGS{2012SPIE.8444E..2AS,
   author = "Schinckel, A.~E. and others",
    title = {{The Australian SKA Pathfinder}},
   booktitle = {Ground-based and Airborne Telescopes IV},
     year = 2012,
   series = "SPIE",
   volume = 8444,
    month = sep,
   }

@article{2015Natur.528..523M, 
	author = "Masui, K. and others", 
	title  = {{Dense magnetized plasma associated with a fast radio burst}}, 
	journal= "Nature",  
	volume = "528", 
	pages  = "523-525", 
	year   = "2015"	} 

@ARTICLE{ICEboard,
   author = "Bandura, K. and others",
  title = {{ICE: a scalable, low-cost FPGA-based telescope signal processing and networking system}},
  journal = "JAI: Digital Signal Processing in Radio Astronomy (submitted)",
  year = 2016
  }

@ARTICLE{Fullmesh,
   author = "Bandura, K. and others",
  title = {{ICE-based Custom Full-Mesh Network for the CHIME High Bandwidth Radio Astronomy Correlator}},
  journal = "JAI: Digital Signal Processing in Radio Astronomy (submitted)",
  year = 2016
  }


@ARTICLE{2013MNRAS.432..318A,
   author = "Abramo, L.~R. and Leonard, K.~E.",
    title = {{Why multitracer surveys beat cosmic variance}},
  journal = "MNRAS",
     year = "2013",
    month = jun,
   volume = "432",
    pages = "318-326"
    }

@ARTICLE{2009JCAP...10..007M,
   author = "McDonald, P. and Seljak, U.",
    title = {{How to evade the sample variance limit on measurements of redshift-space distortions}},
  journal = "JCAP",
     year = 2009,
    month = oct,
   volume = 10
}

@ARTICLE{SN1a,
   author = "Riess, A.G. and others",
    title = {{A 2.4\% Determination of the Local Value of the Hubble Constant}},
    journal = "ArXiv e-prints 1604.01424",
     year = "2016"
}

@ARTICLE{2016MNRAS.tmp..930G,
   author = "Gil-Mar{\'{\i}}n, H. and others",
    title = {{The Clustering of Galaxies in the SDSS-III Baryon Oscillation Spectroscopic Survey: BAO measurement from the LOS-dependent power spectrum of DR12 BOSS galaxies}},
  journal = "MNRAS",
archivePrefix = "arXiv 1509.06373",
      year = 2016,
    month = may
}

@ARTICLE{2016MNRAS.457.1770C,
   author = "Cuesta, A.J. and others",
    title = {{The Clustering of Galaxies in the SDSS-III Baryon Oscillation Spectroscopic Survey: baryon acoustic oscillations in the correlation function of LOWZ and CMASS galaxies in Data Release 12}},
  journal = "MNRAS",
     year = 2016,
    month = apr,
   volume = 457,
    pages = 1770-1785

}

@ARTICLE{2015arXiv150201589P,
   author = "{{Planck Collaboration}} and others",
  journal = "ArXiv e-prints 1502.01589",
     year = 2015
}

@ARTICLE{2014MNRAS.441...24A,
   author = "Anderson, L. and others",
    title = {{The clustering of galaxies in the SDSS-III Baryon Oscillation Spectroscopic Survey: baryon acoustic oscillations in the Data Releases 10 and 11 Galaxy samples}},
  journal = "MNRAS",
     year = 2014,
    month = jun,
   volume = 441,
    pages = {24-62}
}

@ARTICLE{2015A&A...574A..59D,
   author = "Delubac, T. and others",
    title = {{Baryon acoustic oscillations in the Ly{$\alpha$} forest of BOSS DR11 quasars}},
  journal = "AAP",
     year = 2015,
    month = feb,
   volume = 574
 }

@ARTICLE{2013ApJ...763L..20M,
   author = "Masui, K.~W.  and others",
    title = {{Measurement of 21 cm Brightness Fluctuations at z \~{} 0.8 in Cross-correlation}},
  journal = "APJ",
     year = 2013,
    month = jan,
   volume = 763
 }

@ARTICLE{2010arXiv1007.3709C,
   author = "Chang, T.-C. and Pen, U.-L. and Bandura, K. and Peterson, J.~B.",
    title = {{Hydrogen 21-cm Intensity Mapping at redshift 0.8}},
  journal = "ArXiv e-prints 1007.3709",
      year = 2010
 }

@ARTICLE{2013MNRAS.434L..46S,
   author = "Switzer, E.~R. and others",
    title = {{Determination of z $\sim$ 0.8 neutral hydrogen fluctuations using the 21 cm intensity mapping autocorrelation}},
  journal = "MNRAS",
     year = 2013,
    month = jul,
   volume = 434
 }

@ARTICLE{2015PhRvD..91h3514S,
   author = "Shaw, J.~R. and others",
    title = {{Coaxing cosmic 21 cm fluctuations from the polarized sky using m -mode analysis}},
  journal = "PRD",
     year = 2015,
    month = apr,
   volume = 91,
   number = 8
  }

@ARTICLE{2015aska.confE..19S,
   author = "Santos, M. et. al. ",
    title = {{Cosmology from a SKA HI intensity mapping survey}},
  journal = "AASKA14, arXiv 1501.03989",
     year = 2015
}
    
@ARTICLE{2015ApJ...803...21B,
   author = "Bull, P. and Ferreira, P.~G. and Patel, P. and Santos, M.~G.",
    title = {{Late-time Cosmology with 21 cm Intensity Mapping Experiments}},
  journal = "APJ",
     year = 2015,
    month = apr,
   volume = 803
  }

@INPROCEEDINGS{2014SPIE.9145E..22B,
   author = "Bandura, K. and others",
       title = {{Canadian Hydrogen Intensity Mapping Experiment (CHIME) pathfinder}},
booktitle = {Ground-based and Airborne Telescopes V},
     year = 2014,
   series = "SPIE",
   volume = 9145
   }

@ARTICLE{2015arXiv150104076M,
   author = "Maartens, R. and Abdalla, F.~B. and Jarvis, M. and Santos, M.~G. and  SKA Cosmology SWG, f.~t.",
    title = {{Cosmology with the SKA -- overview}},
  journal = ArXiv e-prints 1501.04076,
     year = 2015,
    month = jan
}

@ARTICLE{2016arXiv160506569T,
   author = "Thornton, R.~J. and others",
       title = {{The Atacama Cosmology Telescope: The polarization-sensitive ACTPol instrument}},
  journal = "ArXiv e-prints 1605.06569",
     year = 2016
 }

@INPROCEEDINGS{2014SPIE.9153E..1PB,
   author = "Benson, B.~A. and others",
       title = {{SPT-3G: a next-generation cosmic microwave background polarization experiment on the South Pole telescope}},
booktitle = {Millimeter, Submillimeter, and Far-Infrared Detectors and Instrumentation for Astronomy VII},
     year = 2014,
   series = "SPIE",
   volume = 9153
}

@ARTICLE{2016MNRAS.460.1270D,
   author = "{{Dark Energy Survey Collaboration}}",   
    title = {{The Dark Energy Survey: more than dark energy - an overview}},
  journal = "MNRAS",
     year = 2016,
    month = aug,
   volume = 460,
    pages = {1270-1299}
   }

@INPROCEEDINGS{2014SPIE.9147E..5QW,
   author = "Wang, S.-Y. and others",
       title = {{Prime focus instrument of prime focus spectrograph for Subaru telescope}},
booktitle = "Ground-based and Airborne Instrumentation for Astronomy V",
     year = 2014,
   series = "SPIE",
      volume = 9147
}

@ARTICLE{2013arXiv1308.0847L,
   author = "Levi, M. and others",
       title = {{The DESI Experiment, a whitepaper for Snowmass 2013}},
  journal = "ArXiv e-prints 1308.0847",
     year = 2013
    }

@ARTICLE{2012arXiv1211.0310L,
   author = "{{LSST Dark Energy Science Collaboration}}",
    title = {{Large Synoptic Survey Telescope: Dark Energy Science Collaboration}},
  journal = "ArXiv e-prints 1211.0310",
     year = 2012
    }

@INPROCEEDINGS{2012SPIE.8442E..0TL,
   author = "Laureijs, R. and others",
       title = {{Euclid: ESA's mission to map the geometry of the dark universe",
booktitle = "Space Telescopes and Instrumentation 2012: Optical, Infrared, and Millimeter Wave}},
     year = 2012,
   series = "SPIE",
   volume = 8442
}

@ARTICLE{2013arXiv1305.5422S,
   author = "Spergel, D. and others",
       title = {{Wide-Field InfraRed Survey Telescope-Astrophysics Focused Telescope Assets WFIRST-AFTA Final Report}},
  journal = "ArXiv e-prints 1305.5422",
     year = 2013
  }

@article{PhysRevLett.116.241103,
  author = "{{LIGO Scientific Collaboration and Virgo Collaboration}}",
  title = {{GW151226: Observation of Gravitational Waves from a 22-Solar-Mass Binary Black Hole Coalescence}},
    journal = "Phys. Rev. Lett.",
  volume = "116",
  issue = "24",
  year = 2016,
  month = Jun
}

@ARTICLE{2013MNRAS.430.2121P,
   author = "Piran, T. and Nakar, E. and Rosswog, S.",
    title = {{The electromagnetic signals of compact binary mergers}},
  journal = "MNRAS",
archivePrefix = "arXiv",
     year = 2013,
    month = apr,
   volume = 430,
    pages = {2121-2136},
  }

@ARTICLE{2010CQGra..27h4013H,
   author = "Hobbs, G. and others",
       title = {{The International Pulsar Timing Array project: using pulsars as a gravitational wave detector}},
  journal = "Classical and Quantum Gravity",
     year = 2010,
    month = apr,
   volume = 27,
   number = 8
}

@Article{Ruze1952,
author="Ruze, J.",
title={{The effect of aperture errors on the antenna radiation pattern}},
journal="Il Nuovo Cimento (1943-1954)",
year="1952",
volume="9",
number="3",
pages="364--380",
issn="1827-6121",
doi="10.1007/BF02903409",
url="http://dx.doi.org/10.1007/BF02903409"
}

@INPROCEEDINGS{6887670, 
author="M. Deng and D. Campbell-Wilson", 
booktitle="Antenna Technology and Applied Electromagnetics (ANTEM), 2014 16th International Symposium on", 
title={{The cloverleaf antenna: A compact wide-bandwidth dual-polarization feed for CHIME}}, 
year="2014", 
month="July",
}

@ARTICLE{2013JInst...810003M,
   author = "Mena, J. and Bandura, K. and Cliche, J.-F. and Dobbs, M. and 
	Gilbert, A. and Tang, Q.~Y.",
    title = {{A Radio-Frequency-over-Fiber link for large-array radio astronomy applications}},
  journal = "Journal of Instrumentation",
     year = 2013,
    month = oct,
   volume = 8
}

@ARTICLE{2015arXiv150306202D,
   author = "Denman, N. and others",
       title = {{A GPU-based Correlator X-engine Implemented on the CHIME Pathfinder}},
  journal = "ArXiv e-prints 1503.06202",
     year = 2015,
}

@ARTICLE{2015arXiv150306203K,
   author = "Klages, P. and others",
   title = {{GPU Kernels for High-Speed 4-Bit Astrophysical Data Processing}},
  journal = "ArXiv e-prints 1503.06203",
     year = 2015,
  }

@ARTICLE{2015arXiv150306189R,
   author = "Recnik, A. and others",    
   title = {{An Efficient Real-time Data Pipeline for the CHIME Pathfinder Radio Telescope X-Engine}},
  journal = "ArXiv e-prints 1503.06189",
     year = 2015,
   }

@ARTICLE{2010MNRAS.408.1029L,
   author = "Liu, A. and others",
    title = {{Precision calibration of radio interferometers using redundant baselines}},
  journal = "MNRAS",
     year = 2010,
    month = oct,
   volume = 408,
   }

@ARTICLE{2015PASP..127.1131C,
   author = "Chang, C. and others",
    title = {{Beam Calibration of Radio Telescopes with Drones}},
  journal = "PASP",
     year = 2015,
    month = nov,
   volume = 127,
    pages = {1131-1143}
}

@ARTICLE{2016MNRAS.460.1054C,
   author = "Connor, L. and others",
       title = {{Constraints on the FRB rate at 700-900 MHz}},
  journal = "MNRAS",
     year = 2016,
    month = jul,
   volume = 460,
    pages = {1054-1058},
}

@ARTICLE{2015Natur.528..523M,
   author = "Masui, K. and others",
    title = {{Dense magnetized plasma associated with a fast radio burst}},
  journal = "Nature",
     year = 2015,
    month = dec,
   volume = 528,
    pages = {523-525},
}

@PhdThesis{Martin2008,
           title = {{A Wideband Feed for a Cylindrical Radio Telescope}},
          author = "Martin Leung",
          school = "University of Sydney",
           month = may,
            year = "2008",
}


@ARTICLE{sievers,
   author = "Sievers, J., and others",
    title = "{in prep.}",
    }
 
 @ARTICLE{moodley,
   author = "Moodley, K., and others",
    title = {{CMB lensing cross-correlation with HI intensity maps, in prep.}},
    year=2016
    }
    
    @ARTICLE{2016PhRvD..93j3504Z,
   author = "Zhu, H.-M. and Pen, U.-L. and Yu, Y. and Er, X. and  Chen, X.",
    title = {{Cosmic tidal reconstruction}},
  journal = "PRD",
     year = 2016,
    month = may,
   volume = 93,
   number = 10
}
    